
@article{schlapfer2021universal,
  title={The universal visitation law of human mobility},
  author={Schl{\"a}pfer, Markus and Dong, Lei and Oâ€™Keeffe, Kevin and Santi, Paolo and Szell, Michael and Salat, Hadrien and Anklesaria, Samuel and Vazifeh, Mohammad and Ratti, Carlo and West, Geoffrey B},
  journal={Nature},
  volume={593},
  number={7860},
  pages={522--527},
  year={2021},
  publisher={Nature Publishing Group}
}
@article{peto2020universal,
  title={Universal weekly testing as the UK COVID-19 lockdown exit strategy},
  author={Peto, Julian and Alwan, Nisreen A and Godfrey, Keith M and Burgess, Rochelle A and Hunter, David J and Riboli, Elio and Romer, Paul and Buchan, Iain and Colbourn, Tim and Costelloe, C{\'e}ire and others},
  journal={The Lancet},
  volume={395},
  number={10234},
  pages={1420--1421},
  year={2020},
  publisher={Elsevier}
}
@inproceedings{cheung2020graph,
  title={Graph Neural Networks for COVID-19 Drug Discovery},
  author={Cheung, Mark and Moura, Jos{\'e} MF},
  booktitle={2020 IEEE International Conference on Big Data (Big Data)},
  pages={5646--5648},
  year={2020},
  organization={IEEE}
}
@article{ioannidis2020few,
  title={Few-shot link prediction via graph neural networks for covid-19 drug-repurposing},
  author={Ioannidis, Vassilis N and Zheng, Da and Karypis, George},
  journal={arXiv preprint arXiv:2007.10261},
  year={2020}
}
@article{mudiyanselage2021covid,
  title={Covid-19 Detection from Chest X-ray and Patient Metadata using Graph Convolutional Neural Networks},
  author={Mudiyanselage, Thosini Bamunu and Senanayake, Nipuna and Ji, Chunyan and Pan, Yi and Zhang, Yanqing},
  journal={arXiv preprint arXiv:2105.09720},
  year={2021}
}
@article{crozier2021put,
  title={Put to the test: use of rapid testing technologies for covid-19},
  author={Crozier, Alex and Rajan, Selina and Buchan, Iain and McKee, Martin},
  journal={bmj},
  volume={372},
  year={2021},
  publisher={British Medical Journal Publishing Group}
}
@article{kolumbus2021effectiveness,
  title={On the effectiveness of tracking and testing in SEIR models for improving health vs. economy trade-offs},
  author={Kolumbus, Yoav and Nisan, Noam},
  journal={Scientific Reports},
  volume={11},
  number={1},
  pages={1--14},
  year={2021},
  publisher={Nature Publishing Group}
}
@article{eilersen2020cost,
  title={Cost--benefit of limited isolation and testing in COVID-19 mitigation},
  author={Eilersen, Andreas and Sneppen, Kim},
  journal={Scientific reports},
  volume={10},
  number={1},
  pages={1--7},
  year={2020},
  publisher={Nature Publishing Group}
}
@inproceedings{lerman2010information,
  title={Information contagion: An empirical study of the spread of news on digg and twitter social networks},
  author={Lerman, Kristina and Ghosh, Rumi},
  booktitle={Fourth international AAAI conference on weblogs and social media},
  year={2010}
}